@inproceedings{
posnett11, 
author={Posnett, D. and Filkov, V. and Devanbu, P.}, 
booktitle={Automated Software Engineering (ASE), 2011 26th IEEE/ACM International Conference on}, 
title={Ecological inference in empirical software engineering}, 
year={2011}, 
pages={362-371}, 
keywords={diseases;ecology;inference mechanisms;social sciences;software packages;ecological fallacy;ecological inference;empirical software engineering;epidemiology;hierarchical decomposition;hypothesis testing;sociology;software modules;software packages;Biological system modeling;Data models;Measurement;Object oriented modeling;Predictive models;Software engineering;Testing}, 
doi={10.1109/ASE.2011.6100074}, 
ISSN={1938-4300}, 
month={Nov},
}

@article{
bird09,
 author = {Bird, Christian and Nagappan, Nachiappan and Devanbu, Premkumar and Gall, Harald and Murphy, Brendan},
 title = {Does Distributed Development Affect Software Quality?: An Empirical Case Study of Windows Vista},
 journal = {Commun. ACM},
 issue_date = {August 2009},
 volume = {52},
 number = {8},
 month = aug,
 year = {2009},
 issn = {0001-0782},
 pages = {85--93},
 numpages = {9},
 url = {http://doi.acm.org/10.1145/1536616.1536639},
 doi = {10.1145/1536616.1536639},
 acmid = {1536639},
 publisher = {ACM},
 address = {New York, NY, USA},
} 
