@article{Vandecruys:2008:MSR:1352930.1353064,
 author = {Vandecruys, Olivier and Martens, David and Baesens, Bart and Mues, Christophe and De Backer, Manu and Haesen, Raf},
 title = {Mining Software Repositories for Comprehensible Software Fault Prediction Models},
 journal = {J. Syst. Softw.},
 issue_date = {May, 2008},
 volume = {81},
 number = {5},
 month = may,
 year = {2008},
 issn = {0164-1212},
 pages = {823--839},
 numpages = {17},
 url = {http://dx.doi.org/10.1016/j.jss.2007.07.034},
 doi = {10.1016/j.jss.2007.07.034},
 acmid = {1353064},
 publisher = {Elsevier Science Inc.},
 address = {New York, NY, USA},
 keywords = {Ant Colony Optimization, Classification, Comprehensibility, Fault prediction, Software mining},
} 