@article{ 
menzies10,
year={2010},
issn={0928-8910},
journal={Automated Software Engineering},
volume={17},
number={4},
doi={10.1007/s10515-010-0069-5},
title={Defect prediction from static code features: current results, limitations, new approaches},
url={http://dx.doi.org/10.1007/s10515-010-0069-5},
publisher={Springer US},
keywords={Defect prediction; Static code features; WHICH},
author={Menzies, Tim and Milton, Zach and Turhan, Burak and Cukic, Bojan and Jiang, Yue and Bener, Ay\c{s}e},
pages={375-407},
language={English}
}

@inproceedings{
posnett11, 
author={Posnett, D. and Filkov, V. and Devanbu, P.}, 
booktitle={Automated Software Engineering (ASE), 2011 26th IEEE/ACM International Conference on}, 
title={Ecological inference in empirical software engineering}, 
year={2011}, 
pages={362-371}, 
keywords={diseases;ecology;inference mechanisms;social sciences;software packages;ecological fallacy;ecological inference;empirical software engineering;epidemiology;hierarchical decomposition;hypothesis testing;sociology;software modules;software packages;Biological system modeling;Data models;Measurement;Object oriented modeling;Predictive models;Software engineering;Testing}, 
doi={10.1109/ASE.2011.6100074}, 
ISSN={1938-4300}, 
month={Nov},
}

@article{
arisholm10,
 author = {Arisholm, Erik and Briand, Lionel C. and Johannessen, Eivind B.},
 title = {A Systematic and Comprehensive Investigation of Methods to Build and Evaluate Fault Prediction Models},
 journal = {J. Syst. Softw.},
 issue_date = {January, 2010},
 volume = {83},
 number = {1},
 month = jan,
 year = {2010},
 issn = {0164-1212},
 pages = {2--17},
 numpages = {16},
 url = {http://dx.doi.org/10.1016/j.jss.2009.06.055},
 doi = {10.1016/j.jss.2009.06.055},
 acmid = {1663909},
 publisher = {Elsevier Science Inc.},
 address = {New York, NY, USA},
 keywords = {Cost-effectiveness, Fault prediction models, Verification},
} 
