@inproceedings{Nam,
 author = {Nam, Jaechang and Pan, Sinno Jialin and Kim, Sunghun},
 title = {Transfer Defect Learning},
 booktitle = {Proceedings of the 2013 International Conference on Software Engineering},
 series = {ICSE '13},
 year = {2013},
 isbn = {978-1-4673-3076-3},
 location = {San Francisco, CA, USA},
 pages = {382--391},
 numpages = {10},
 url = {http://dl.acm.org/citation.cfm?id=2486788.2486839},
 acmid = {2486839},
 publisher = {IEEE Press},
 address = {Piscataway, NJ, USA},
} 

@inproceedings{Rahman,
 author = {Rahman, Foyzur and Posnett, Daryl and Devanbu, Premkumar},
 title = {Recalling the "Imprecision" of Cross-project Defect Prediction},
 booktitle = {Proceedings of the ACM SIGSOFT 20th International Symposium on the Foundations of Software Engineering},
 series = {FSE '12},
 year = {2012},
 isbn = {978-1-4503-1614-9},
 location = {Cary, North Carolina},
 pages = {61:1--61:11},
 articleno = {61},
 numpages = {11},
 url = {http://doi.acm.org/10.1145/2393596.2393669},
 doi = {10.1145/2393596.2393669},
 acmid = {2393669},
 publisher = {ACM},
 address = {New York, NY, USA},
 keywords = {empirical software engineering, fault prediction, inspection},
} 