@inproceedings{Posnett,
 author = {Posnett, Daryl and Filkov, Vladimir and Devanbu, Premkumar},
 title = {Ecological Inference in Empirical Software Engineering},
 booktitle = {Proceedings of the 2011 26th IEEE/ACM International Conference on Automated Software Engineering},
 series = {ASE '11},
 year = {2011},
 isbn = {978-1-4577-1638-6},
 pages = {362--371},
 numpages = {10},
 url = {http://dx.doi.org/10.1109/ASE.2011.6100074},
 doi = {10.1109/ASE.2011.6100074},
 acmid = {2190191},
 publisher = {IEEE Computer Society},
 address = {Washington, DC, USA},
} 

@INPROCEEDINGS{DAmbros,
author={D'Ambros, M. and Lanza, M. and Robbes, R.}, 
booktitle={Mining Software Repositories (MSR), 2010 7th IEEE Working Conference on}, 
title={An extensive comparison of bug prediction approaches}, 
year={2010}, 
pages={31-41}, 
keywords={program debugging;resource allocation;software engineering;bug prediction approaches;resource allocation problem;software defects;software engineering;Computer bugs;Computer science;Entropy;Informatics;Open source software;Power system modeling;Predictive models;Software engineering;Software systems;Stability}, 
doi={10.1109/MSR.2010.5463279}, 
month={May},}

@inproceedings{Davis,
 author = {Davis, Jesse and Goadrich, Mark},
 title = {The Relationship Between Precision-Recall and ROC Curves},
 booktitle = {Proceedings of the 23rd International Conference on Machine Learning},
 series = {ICML '06},
 year = {2006},
 isbn = {1-59593-383-2},
 location = {Pittsburgh, Pennsylvania, USA},
 pages = {233--240},
 numpages = {8},
 url = {http://doi.acm.org/10.1145/1143844.1143874},
 doi = {10.1145/1143844.1143874},
 acmid = {1143874},
 publisher = {ACM},
 address = {New York, NY, USA},
} 

@article{Chidamber,
 author = {Chidamber, S. R. and Kemerer, C. F.},
 title = {A Metrics Suite for Object Oriented Design},
 journal = {IEEE Trans. Softw. Eng.},
 issue_date = {June 1994},
 volume = {20},
 number = {6},
 month = jun,
 year = {1994},
 issn = {0098-5589},
 pages = {476--493},
 numpages = {18},
 url = {http://dx.doi.org/10.1109/32.295895},
 doi = {10.1109/32.295895},
 acmid = {631131},
 publisher = {IEEE Press},
 address = {Piscataway, NJ, USA},
 keywords = {automated data collection tool, measurement principles, metrics suite, object oriented design, object oriented programming, object-oriented methods, object-oriented programming, organization, process improvement, software development, software measures, software metrics},
} 

@article{Radjenovic,
title = "Software fault prediction metrics: A systematic literature review ",
journal = "Information and Software Technology ",
volume = "55",
number = "8",
pages = "1397 - 1418",
year = "2013",
note = "",
issn = "0950-5849",
doi = "http://dx.doi.org/10.1016/j.infsof.2013.02.009",
url = "http://www.sciencedirect.com/science/article/pii/S0950584913000426",
author = "Danijel Radjenovic and Marjan Hericko and Richard Torkar and Ales Zivkovic",
keywords = "Software metric",
keywords = "Software fault prediction",
keywords = "Systematic literature review "
}



@article{Hall, 
author={Hall, T. and Beecham, S. and Bowes, D. and Gray, D. and Counsell, S.}, 
journal={Software Engineering, IEEE Transactions on}, 
title={A Systematic Literature Review on Fault Prediction Performance in Software Engineering}, 
year={2012}, 
volume={38}, 
number={6}, 
pages={1276-1304}, 
keywords={Bayes methods;regression analysis;software fault tolerance;software quality;contextual information;cost reduction;fault prediction models;fault prediction performance;fault prediction study;feature selection;independent variables;logistic regression;methodological information;naive Bayes;predictive performance;reliable methodology;simple modeling techniques;software engineering;software quality;systematic literature review;Analytical models;Context modeling;Data models;Fault diagnosis;Predictive models;Software testing;Systematics;Systematic literature review;software fault prediction}, 
doi={10.1109/TSE.2011.103}, 
ISSN={0098-5589}, 
month={Nov},
}

@article{Arisholm,
 author = {Arisholm, Erik and Briand, Lionel C. and Johannessen, Eivind B.},
 title = {A Systematic and Comprehensive Investigation of Methods to Build and Evaluate Fault Prediction Models},
 journal = {J. Syst. Softw.},
 issue_date = {January, 2010},
 volume = {83},
 number = {1},
 month = jan,
 year = {2010},
 issn = {0164-1212},
 pages = {2--17},
 numpages = {16},
 url = {http://dx.doi.org/10.1016/j.jss.2009.06.055},
 doi = {10.1016/j.jss.2009.06.055},
 acmid = {1663909},
 publisher = {Elsevier Science Inc.},
 address = {New York, NY, USA},
 keywords = {Cost-effectiveness, Fault prediction models, Verification},
} 

@article{Bird,
 author = {Bird, Christian and Nagappan, Nachiappan and Devanbu, Premkumar and Gall, Harald and Murphy, Brendan},
 title = {Does Distributed Development Affect Software Quality?: An Empirical Case Study of Windows Vista},
 journal = {Commun. ACM},
 issue_date = {August 2009},
 volume = {52},
 number = {8},
 month = aug,
 year = {2009},
 issn = {0001-0782},
 pages = {85--93},
 numpages = {9},
 url = {http://doi.acm.org/10.1145/1536616.1536639},
 doi = {10.1145/1536616.1536639},
 acmid = {1536639},
 publisher = {ACM},
 address = {New York, NY, USA},
} 

@article{Vandecruys,
 author = {Vandecruys, Olivier and Martens, David and Baesens, Bart and Mues, Christophe and De Backer, Manu and Haesen, Raf},
 title = {Mining Software Repositories for Comprehensible Software Fault Prediction Models},
 journal = {J. Syst. Softw.},
 issue_date = {May, 2008},
 volume = {81},
 number = {5},
 month = may,
 year = {2008},
 issn = {0164-1212},
 pages = {823--839},
 numpages = {17},
 url = {http://dx.doi.org/10.1016/j.jss.2007.07.034},
 doi = {10.1016/j.jss.2007.07.034},
 acmid = {1353064},
 publisher = {Elsevier Science Inc.},
 address = {New York, NY, USA},
 keywords = {Ant Colony Optimization, Classification, Comprehensibility, Fault prediction, Software mining},
} 

@inproceedings{Nagappan,
 author = {Nagappan, Nachiappan and Murphy, Brendan and Basili, Victor},
 title = {The Influence of Organizational Structure on Software Quality: An Empirical Case Study},
 booktitle = {Proceedings of the 30th International Conference on Software Engineering},
 series = {ICSE '08},
 year = {2008},
 isbn = {978-1-60558-079-1},
 location = {Leipzig, Germany},
 pages = {521--530},
 numpages = {10},
 url = {http://doi.acm.org/10.1145/1368088.1368160},
 doi = {10.1145/1368088.1368160},
 acmid = {1368160},
 publisher = {ACM},
 address = {New York, NY, USA},
 keywords = {code churn, developers, empirical studies, failures, organizational structure, software mining},
} 

@inproceedings{Rahman,
 author = {Rahman, Foyzur and Posnett, Daryl and Devanbu, Premkumar},
 title = {Recalling the "Imprecision" of Cross-project Defect Prediction},
 booktitle = {Proceedings of the ACM SIGSOFT 20th International Symposium on the Foundations of Software Engineering},
 series = {FSE '12},
 year = {2012},
 isbn = {978-1-4503-1614-9},
 location = {Cary, North Carolina},
 pages = {61:1--61:11},
 articleno = {61},
 numpages = {11},
 url = {http://doi.acm.org/10.1145/2393596.2393669},
 doi = {10.1145/2393596.2393669},
 acmid = {2393669},
 publisher = {ACM},
 address = {New York, NY, USA},
 keywords = {empirical software engineering, fault prediction, inspection},
} 

@INPROCEEDINGS{Jiang, 
author={Tian Jiang and Lin Tan and Sunghun Kim}, 
booktitle={Automated Software Engineering (ASE), 2013 IEEE/ACM 28th International Conference on}, 
title={Personalized defect prediction}, 
year={2013}, 
pages={279-289}, 
keywords={Java;Linux;program compilers;C software projects;Eclipse;Jackrabbit;Linux kernel;Lucene;PostgreSQL;Xorg;coding styles;commit frequencies;different defect patterns;experience levels;java software projects;personalized defect prediction;separate prediction model;software defect prediction;Computer bugs;Feature extraction;Mars;Predictive models;Syntactics;Training;Vectors;Change classification;machine learning;personalized defect prediction;software reliability}, 
doi={10.1109/ASE.2013.6693087}, 
month={Nov},}

@inproceedings{Nam,
 author = {Nam, Jaechang and Pan, Sinno Jialin and Kim, Sunghun},
 title = {Transfer Defect Learning},
 booktitle = {Proceedings of the 2013 International Conference on Software Engineering},
 series = {ICSE '13},
 year = {2013},
 isbn = {978-1-4673-3076-3},
 location = {San Francisco, CA, USA},
 pages = {382--391},
 numpages = {10},
 url = {http://dl.acm.org/citation.cfm?id=2486788.2486839},
 acmid = {2486839},
 publisher = {IEEE Press},
 address = {Piscataway, NJ, USA},
} 

@Article{Catal,
  Title                    = {A systematic review of software fault prediction studies },
  Author                   = {Cagatay Catal and Banu Diri},
  Journal                  = {Expert Systems with Applications },
  Year                     = {2009},
  Number                   = {4},
  Pages                    = {7346 - 7354},
  Volume                   = {36},
  Doi                      = {http://dx.doi.org/10.1016/j.eswa.2008.10.027},
  ISSN                     = {0957-4174},
  Keywords                 = {Machine learning},
  Url                      = {http://www.sciencedirect.com/science/article/pii/S0957417408007215}
}

@article{zheng2010,
  title={Cost-sensitive boosting neural networks for software defect prediction},
  author={Zheng, Jun},
  journal={Expert Systems with Applications},
  volume={37},
  number={6},
  pages={4537--4543},
  year={2010},
  publisher={Elsevier}
}

