@inproceedings{Nagappan,
 author = {Nagappan, Nachiappan and Murphy, Brendan and Basili, Victor},
 title = {The Influence of Organizational Structure on Software Quality: An Empirical Case Study},
 booktitle = {Proceedings of the 30th International Conference on Software Engineering},
 series = {ICSE '08},
 year = {2008},
 isbn = {978-1-60558-079-1},
 location = {Leipzig, Germany},
 pages = {521--530},
 numpages = {10},
 url = {http://doi.acm.org/10.1145/1368088.1368160},
 doi = {10.1145/1368088.1368160},
 acmid = {1368160},
 publisher = {ACM},
 address = {New York, NY, USA},
 keywords = {code churn, developers, empirical studies, failures, organizational structure, software mining},
} 

@article{Vandecruys08,
 author = {Vandecruys, Olivier and Martens, David and Baesens, Bart and Mues, Christophe and De Backer, Manu and Haesen, Raf},
 title = {Mining Software Repositories for Comprehensible Software Fault Prediction Models},
 journal = {J. Syst. Softw.},
 issue_date = {May, 2008},
 volume = {81},
 number = {5},
 month = may,
 year = {2008},
 issn = {0164-1212},
 pages = {823--839},
 numpages = {17},
 url = {http://dx.doi.org/10.1016/j.jss.2007.07.034},
 doi = {10.1016/j.jss.2007.07.034},
 acmid = {1353064},
 publisher = {Elsevier Science Inc.},
 address = {New York, NY, USA},
 keywords = {Ant Colony Optimization, Classification, Comprehensibility, Fault prediction, Software mining},
} 

@article{
arisholm10,
 author = {Arisholm, Erik and Briand, Lionel C. and Johannessen, Eivind B.},
 title = {A Systematic and Comprehensive Investigation of Methods to Build and Evaluate Fault Prediction Models},
 journal = {J. Syst. Softw.},
 issue_date = {January, 2010},
 volume = {83},
 number = {1},
 month = jan,
 year = {2010},
 issn = {0164-1212},
 pages = {2--17},
 numpages = {16},
 url = {http://dx.doi.org/10.1016/j.jss.2009.06.055},
 doi = {10.1016/j.jss.2009.06.055},
 acmid = {1663909},
 publisher = {Elsevier Science Inc.},
 address = {New York, NY, USA},
 keywords = {Cost-effectiveness, Fault prediction models, Verification},
} 